@article{mur2015orb,
  title={{ORB-SLAM}: a Versatile and Accurate Monocular {SLAM} System},
  author={Mur-Artal, Ra\'ul, Montiel, J. M. M. and Tard\'os, Juan D.},
  journal={IEEE Transactions on Robotics},
  volume={31},
  number={5},
  pages={1147--1163},
  doi = {10.1109/TRO.2015.2463671},
  year={2015}
 }
 @article{mur2017orb,
  title={{ORB-SLAM2}: an Open-Source {SLAM} System for Monocular, Stereo and {RGB-D} Cameras},
  author={Mur-Artal, Ra\'ul and Tard\'os, Juan D.},
  journal={IEEE Transactions on Robotics},
  volume={33},
  number={5},
  pages={1255--1262},
  doi = {10.1109/TRO.2017.2705103},
  year={2017}
 }
@misc{grupp2017evo,
  title={evo: Python package for the evaluation of odometry and SLAM.},
  author={Grupp, Michael},
  howpublished={\url{https://github.com/MichaelGrupp/evo}},
  year={2017}
}

@misc{regelungssysteme1,
  title={Skriptum zur VO Regelungssysteme 1 (WS 2018/2019)},
  author={Kemmetm{\"u}ller, W and Kugi, A},
  pages={55--71},
  year={2018},
  publisher={Institut f{\"u}r Automatisierungs-und Regelungstechnik, TU Wien}
}
@INPROCEEDINGS{wolfbot,
author={J. {Betthauser} and D. {Benavides} and J. {Schornick} and N. {O'Hara} and J. {Patel} and J. {Cole} and E. {Lobaton}},
booktitle={Proceedings of the 2014 Zone 1 Conference of the American Society for Engineering Education},
title={WolfBot: A distributed mobile sensing platform for research and education},
year={2014},
volume={},
number={},
pages={1-8},
keywords={environmental monitoring (geophysics);geophysical techniques;mobile robots;robot vision;wireless sensor networks;system integration;power consumption;computer-vision capabilities;WolfBot platform;mobile distributed sensor network platforms;open source design;environmental monitoring;target tracking;3D visual localization;complex data streams;portable processing units;embedded systems;mobile sensor networks;distributed mobile sensing platform;Robot sensing systems;Cameras;Mobile communication;Hardware;Software;Distributed sensing platform;Swarm robotics;Open design platform},
doi={10.1109/ASEEZone1.2014.6820632},
ISSN={},
month={April},
}
@ARTICLE{turtlebot3,
author={E. {Guizzo} and E. {Ackerman}},
journal={IEEE Spectrum},
title={The TurtleBot3 Teacher [Resources\_Hands On]},
year={2017},
volume={54},
number={8},
pages={19-20},
keywords={},
doi={10.1109/MSPEC.2017.8000281},
ISSN={0018-9235},
month={August},
}
@inproceedings{MooreStouchKeneralizedEkf2014,
  author    = {T. Moore and D. Stouch},
  title     = {A Generalized Extended Kalman Filter Implementation for the Robot Operating System},
  year      = {2014},
  month     = {July},
  booktitle = {Proceedings of the 13th International Conference on Intelligent Autonomous Systems (IAS-13)},
  publisher = {Springer}
}

@article{hubbard2019,
  title={Using Neural Networks for Object Detection in Robotics Competitions},
  author={Hubbard, Nicholas},
  year={2019}
}
